@article{hauert,
author = "Christoph Hauert",
title = "Effects of space in 2x2 games",
journal = "International Journal of Bifurcation and Chaos",
year = 2002,
volume = 12,
number = 7,
pages = "1531-1548",
}

@book{durrett,
author = {Durrett, Rick and Biane, Philippe},
title = {Ten lectures on particle systems},
booktitle = {Lectures on Probability Theory},
series = {Lecture Notes in Mathematics},
publisher = {Springer Berlin / Heidelberg},
isbn = {978-3-540-60015-2},
keyword = {Mathematics and Statistics},
pages = {97-201},
volume = 1608,
url = {http://dx.doi.org/10.1007/BFb0095747},
note = {10.1007/BFb0095747},
year = 1995,
}

@misc{website:ising-model,
author = "Dauerty, Helene",
title = "Introduction to the {I}sing Model",
year = 2006,
url = "http://www.nd.edu/~tutorial/tutorial_files/ising/howItworks.html",
}

@article{harris,
author = "T.E. Harris",
title = "Nearest-Neighbor Markov Interaction Processes on Multidimensional Lattices",
journal = "Advances in Mathematics",
year = 1972,
volume = 9,
pages = "66-89",
}

@article{ohtsuki,
author = "Hisashi Ohtsuki et al",
title = "A simple rule for the evolution of cooperation on graphs and social networks",
journal = "Nature",
year = 2006,
month = "May",
volume = 441,
pages = "502-505",
}

@article{stanford,
author = "Steven Kuhn",
title = "Prisoner's Dilemma",
journal = "The Stanford Encyclopedia of Philosophy",
year = 2009,
month = "Spring"
}

@book{nowak,
author = "Martin Nowak",
title = "Evolutionary Dynamics",
publisher = "Harvard College",
year = 2006,
}

@book{rubinstein,
author = "Ariel Rubinstein",
title = "A Course in Game Theory",
publisher = "MIT",
year = 1994,
}

@book{vonNeumann,
author = "John von Neumann and Oskar Morgenstern",
title = "Theory of Games and Economic Behavior",
publisher = "Princeton University Press",
year = 1953,
}

@book{glimm,
author = "James Glimm and John Impagliazzo and Isadore Singer",
title = "The Legacy of John von Neumann",
publisher = "The American Mathematical Society",
year = 1990,
}